<record><leader>00000cas a2200000 a 4500</leader><controlfield tag="001">9771467</controlfield><controlfield tag="008">830803c19019999ohuwr ne      0   a0eng d</controlfield><datafield ind1=" " ind2=" " tag="010"><subfield code="a">sn 87076539 </subfield></datafield><datafield ind1=" " ind2=" " tag="040"><subfield code="a">BGU</subfield><subfield code="b">eng</subfield><subfield code="c">BGU</subfield><subfield code="d">ONP</subfield><subfield code="d">NSD</subfield><subfield code="d">OCLCQ</subfield></datafield><datafield ind1=" " ind2=" " tag="012"><subfield code="l">1</subfield><subfield code="m">1</subfield></datafield><datafield ind1="1" ind2=" " tag="022"><subfield code="a">1065-0083</subfield><subfield code="l">1065-0083</subfield><subfield code="2">1</subfield></datafield><datafield ind1=" " ind2=" " tag="032"><subfield code="a">188500</subfield><subfield code="b">USPS</subfield></datafield><datafield ind1=" " ind2=" " tag="037"><subfield code="b">Yvonne J. Potter, 118 West Main Street, Fayette, OH 43521</subfield></datafield><datafield ind1=" " ind2=" " tag="042"><subfield code="a">msc</subfield><subfield code="a">nsdp</subfield></datafield><datafield ind1=" " ind2=" " tag="043"><subfield code="a">n-us-oh</subfield></datafield><datafield ind1=" " ind2="4" tag="222"><subfield code="a">The Fayette review</subfield></datafield><datafield ind1="0" ind2="4" tag="245"><subfield code="a">The Fayette review.</subfield></datafield><datafield ind1=" " ind2=" " tag="260"><subfield code="a">Fayette, Fulton County, Ohio :</subfield><subfield code="b">Herbert M. Woodard</subfield></datafield><datafield ind1=" " ind2=" " tag="300"><subfield code="a">v. :</subfield><subfield code="b">ill. ;</subfield><subfield code="c">58 cm.</subfield></datafield><datafield ind1=" " ind2=" " tag="310"><subfield code="a">Weekly</subfield></datafield><datafield ind1="1" ind2=" " tag="362"><subfield code="a">Began with Sept. 1, 1901 issue.</subfield><subfield code="z">Cf. Guide to Ohio newspapers, 1976.</subfield></datafield><datafield ind1=" " ind2=" " tag="500"><subfield code="a">Publisher: Yvonne J. Potter: 1992-</subfield></datafield><datafield ind1=" " ind2=" " tag="588"><subfield code="a">Description based on: Vol. 70, no. 6 (Feb. 11, 1971).</subfield></datafield><datafield ind1=" " ind2=" " tag="588"><subfield code="a">Latest issue consulted: Vol. 91, no. 29 (July 16, 1992).</subfield></datafield><datafield ind1=" " ind2=" " tag="752"><subfield code="a">United States</subfield><subfield code="b">Ohio</subfield><subfield code="c">Fulton</subfield><subfield code="d">Fayette.</subfield></datafield><datafield ind1="1" ind2=" " tag="029"><subfield code="a">AU@</subfield><subfield code="b">000025800687</subfield></datafield></record>